<?xml version="1.0" encoding="UTF-8"?><record xmlns="http://www.loc.gov/MARC21/slim" xmlns:cinclude="http://apache.org/cocoon/include/1.0" xmlns:zs="http://www.loc.gov/zing/srw/">
  <leader>00518cz  a2200145n  4500</leader>
  <controlfield tag="001">no2007016159</controlfield>
  <controlfield tag="003">DLC</controlfield>
  <controlfield tag="005">20120816083450.0</controlfield>
  <controlfield tag="008">070212n| acannaabn          |n ana     c</controlfield>
  <datafield tag="010" ind1=" " ind2=" ">
    <subfield code="a">no2007016159</subfield>
  </datafield>
  <datafield tag="035" ind1=" " ind2=" ">
    <subfield code="a">(OCoLC)oca07326824</subfield>
  </datafield>
  <datafield tag="040" ind1=" " ind2=" ">
    <subfield code="a">MX-ZcUA</subfield>
    <subfield code="b">eng</subfield>
    <subfield code="c">MX-ZcUA</subfield>
    <subfield code="d">DLC</subfield>
  </datafield>
  <datafield tag="111" ind1="2" ind2=" ">
    <subfield code="a">Seminario sobre Patrimonio Cultural y Turismo</subfield>
  </datafield>
  <datafield tag="667" ind1=" " ind2=" ">
    <subfield code="a">THIS 1XX FIELD CANNOT BE USED UNDER RDA UNTIL THIS RECORD HAS BEEN REVIEWED AND/OR UPDATED</subfield>
  </datafield>
  <datafield tag="670" ind1=" " ind2=" ">
    <subfield code="a">Memorias, 2002:</subfield>
    <subfield code="b">t.p. (Primer Seminario sobre Patrimonio Cultural y Turismo)</subfield>
  </datafield>
</record>